@misc{seminar-salganik,
	author = {M. Salganik},
	title = {Bit by bit: social research in the digital age},
	howpublished = {\url{http://www.bitbybitbook.com/en/preface}},
	year = {2016},
	note = {[Accessed: 08.07.2018]}
}
@misc{seminar-christl,
	author = {W. Christl},
	title = {Corporate Surveillance in Everyday Life},
	howpublished = {\url{http://crackedlabs.org/en/corporate-surveillance}},
	year = {2017},
	note = {[Accessed: 08.07.2018]}
}
@misc{seminar-crawford,
	author = {D. Boyd and K. Crowford},
	title = {Critical questions for big data},
	howpublished = {Information, Communication \& Society, Vol. 15, Nr. 5},
	pages = {662-667},
	issn = {1369-118X},
	year = {2012},
	url = {\url{https://people.cs.kuleuven.be/~bettina.berendt/teaching/ViennaDH15/boyd_crawford_2012.pdf}},
	note = {[Accessed: 08.07.2018]}
}
@misc{twitch-data-blog,
	title = {Blog on Data Science by Twitch Inc.},
	howpublished = {\url{https://blog.twitch.tv/tagged/data-science}},
	note = {[Accessed: 08.07.2018]}
}
@techreport{RFC2616,
	author = {Roy T. Fielding and James Gettys and Jeffrey C. Mogul and Henrik Frystyk Nielsen and Larry Masinter and Paul J. Leach and Tim Berners-Lee},
	title = {Hypertext Transfer Protocol -- HTTP/1.1},
	howpublished = {Internet Requests for Comments},
	type = {RFC},
	number = {2616},
	year = {1999},
	month = {June},
	issn = {2070-1721},
	publisher = {RFC Editor},
	institution = {RFC Editor},
	url = {http://www.rfc-editor.org/rfc/rfc2616.txt},
	note = {\url{http://www.rfc-editor.org/rfc/rfc2616.txt}},
}
@techreport{RFC6265,
	author = {A. Barth},
	title = {HTTP State Management Mechanism},
	howpublished = {Internet Requests for Comments},
	type = {RFC},
	number = {6265},
	year = {2011},
	month = {April},
	issn = {2070-1721},
	publisher = {RFC Editor},
	institution = {RFC Editor},
	url = {http://www.rfc-editor.org/rfc/rfc6265.txt},
	note = {\url{http://www.rfc-editor.org/rfc/rfc6265.txt}},
}
@techreport{RFC0793,
	author = {Jon Postel},
	title = {Transmission Control Protocol},
	howpublished = {Internet Requests for Comments},
	type = {STD},
	number = {7},
	year = {1981},
	month = {September},
	issn = {2070-1721},
	publisher = {RFC Editor},
	institution = {RFC Editor},
	url = {http://www.rfc-editor.org/rfc/rfc793.txt},
	note = {\url{http://www.rfc-editor.org/rfc/rfc793.txt}},
}
@inproceedings{mayer2012third,
	title={Third-party web tracking: Policy and technology},
	author={Mayer, Jonathan R and Mitchell, John C},
	booktitle={Security and Privacy (SP), 2012 IEEE Symposium on},
	pages={413--427},
	year={2012},
	organization={IEEE}
}
@misc{dnt-writeup,
	title = {The history of the do not track header},
	howpublished = {\url{http://paranoia.dubfire.net/2011/01/history-of-do-not-track-header.html}},
	note = {[Accessed: 10.07.2018]}
}
@misc{dnt-spec,
	title = {Tracking preference expression},
	howpublished = {\url{https://www.w3.org/TR/tracking-dnt/}},
	note = {[Accessed: 10.07.2018]}
}
@misc{faz,
	title = {Online article of the {``Frankfurter Allgemeine Zeitung"}},
	howpublished = {\url{http://www.faz.net/aktuell/politik/ausland/schlagabtausch-mit-israel-in-syrien-und-irans-ambitionen-15583553.html}},
	note = {[Accessed: 10.05.2018]}
}
@misc{flash-adoption,
	author = {{Adobe Systems Incorporated}},
	title = {{Adobe Flash Platform Achieves Record Adoption}},
	year = {2009},
	month = {January},
	note = {[Accessed: 14.05.2018]},
	howpublished = {\url{http://news.adobe.com/press-release/adobe-flash-platform-achieves-record-adoption}},
}
@misc{flash-privacy,
	author = {{Electronic Privacy Information Center}},
	title = {{Local Shared Objects -- "Flash Cookies"}},
	year = {2005},
	month = {July},
	note = {[Accessed: 14.05.2018]},
	howpublished = {\url{https://epic.org/privacy/cookies/flash.html}},
}
@inproceedings{flash-html-backup,
	author = {{Soltani, Ashkan and Canty, Shannon and Mayo, Quentin and Thomas, Lauren and Hoofnagle, Chris Jay}},
	title = {{Flash Cookies and Privacy.}},
	year = {2009},
}
@misc{flash-keynote,
	author = {{Parisa Tabriz, Google Director of Engineering}},
	title = {{The Long Winding Road from Idea to Impact in Web Security}},
	year = {2018},
	month = {February},
	note = {Keynote of Parisa Tabriz at the 2018 Network and Distributed System Security Symposium [Accessed: 12.05.2018]},
	howpublished = {\url{http://www.federalreserve.gov/boarddocs/speeches/1996/19961205.htm}},
}
@misc{flash-eol,
	author = {Adobe Corporate Communications},
	title = {{Flash \& The Future of Interactive Content}},
	year = {2017},
	month = {July},
	note = {[Accessed: 12.05.2018]},
	howpublished = {\url{http://www.federalreserve.gov/boarddocs/speeches/1996/19961205.htm}},
}
@misc{flash-lawsuit,
	author = {United States District Court, Central District of California},
	title = {{Lawsuit CV10-05484}},
	year = {2010},
	month = {July},
	note = {[Accessed: 12.05.2018]},
	howpublished = {\url{https://www.wired.com/images_blogs/threatlevel/2010/07/CV10-5484-GW-JCGx-Complaint-Summons-Civil-Case-Cover-Sheet1.pdf}},
}
@misc{flash-lawsuit-settlement,
	author = {Brian Tarran},
	title = {{Judge approves Quantcast and Clearspring settlement}},
	year = {2011},
	month = {June},
	note = {[Accessed: 12.05.2018]},
	howpublished = {\url{https://www.research-live.com/article/news/judge-approves-quantcast-and-clearspring-settlement/id/4005437}},
}
@misc{twitch-minutes-watched,
	title = {Twitch: 355bn minutes watched in 2017},
	howpublished = {\url{https://www.digitaltveurope.com/2018/02/12/twitch-355bn-minutes-watched-in-2017}},
	note = {[Accessed: 11.06.2018]}
	}
@misc{twitch-survey,
	title = {The new face of gamers - Results of a Survey},
	howpublished = {\url{http://twitch.wpengine.com/wp-content/uploads/2014/06/TheNewFaceofGamers1.pdf}},
	note = {[Accessed: 02.07.2018]}
}
@misc{twitch-subscriptions,
	title = {Everything you need to know about Twitch subscriptions},
	howpublished = {\url{https://www.lifewire.com/twitch-subscriptions-4147319}},
	note = {[Accessed: 08.07.2018]}
}
@misc{login-via-twitch,
	title = {CurseForge login via twitch},
	howpublished = {\url{https://wow.curseforge.com/login?returnUrl=/}},
	note = {[Accessed: 25.05.2018]}
}
@misc{twitch-cookie-policy,
	title = {Cookie Policy by {``Twitch Interactive, Inc."}},
	howpublished = {\url{https://www.twitch.tv/p/legal/cookie-policy}},
	note = {[Accessed: 22.05.2018]}
}
@misc{twitch-privacy-policy,
	title = {Privacy Policy by {``Twitch Interactive, Inc."}},
	howpublished = {\url{https://www.twitch.tv/p/legal/privacy-policy}},
	note = {[Accessed: 22.05.2018]}
}
@misc{twitch-developers-platform,
	title = {Twitch Developers Platform by {``Twitch Interactive, Inc."}},
	howpublished = {\url{https://dev.twitch.tv}},
	note = {[Accessed: 22.05.2018]}
}
@misc{twitch-developers-guide,
	title = {Twitch Developers guide and documentation by {``Twitch Interactive, Inc."}},
	howpublished = {\url{https://dev.twitch.tv/docs/api}},
	note = {[Accessed: 22.05.2018]}
}
@inproceedings{article-data-journeys,
	title={Data journeys: Capturing the socio-material constitution of data objects and flows},
	author={J. Bates, Y.-W. Lin, P. Goodale},
	pages={6},
	year={2016},
}
@misc{blizzard-desktop-app,
	title = {Blizzard Battle.net Desktop App by {``Blizzard Entertainment, Inc."}},
	howpublished = {\url{https://www.blizzard.com/de-de/apps/battle.net/desktop}},
	note = {[Accessed: 22.05.2018]}
}
@misc{ghostery-plugin,
	title = {Ghostery Plugin by {``Cliqz International GmbH"}},
	howpublished = {\url{https://www.ghostery.com}},
	note = {[Accessed: 22.05.2018]}
}

@book{computational-intelligence,
	title = { Computational Intelligence },
	author = { Andreas Kroll },
	year = { 2016 },
}
